<?xml version="1.0" encoding="UTF-8"?><collection><record><leader>06931ntm a2200613 a 4500</leader><controlfield tag="001">005985735</controlfield><controlfield tag="003">MiAaHDL</controlfield><controlfield tag="005">20190719000000.0</controlfield><controlfield tag="006">m        d        </controlfield><controlfield tag="007">cr bn ---auaua</controlfield><controlfield tag="008">090406s1447    tu            00| ||ara d</controlfield><datafield tag="035" ind1=" " ind2=" "><subfield code="a">(MiU)005985735</subfield></datafield><datafield tag="035" ind1=" " ind2=" "><subfield code="a">sdr-miu005985735</subfield></datafield><datafield tag="040" ind1=" " ind2=" "><subfield code="a">MiU</subfield><subfield code="c">MiU</subfield><subfield code="e">amremm</subfield></datafield><datafield tag="043" ind1=" " ind2=" "><subfield code="a">n-us-mi</subfield></datafield><datafield tag="100" ind1="1" ind2=" "><subfield code="6">880-01</subfield><subfield code="a">Baghawī, al-Ḥusayn ibn Masʻūd,</subfield><subfield code="d">-1117?</subfield></datafield><datafield tag="240" ind1="1" ind2="0"><subfield code="6">880-02</subfield><subfield code="a">Maʻālim al-tanzīl.</subfield><subfield code="n">Jild 1</subfield></datafield><datafield tag="245" ind1="1" ind2="3"><subfield code="6">880-03</subfield><subfield code="a">[al-Jild al-awwal min Maʻālim al-tanzīl,</subfield><subfield code="f">851, i.e. 1447].</subfield></datafield><datafield tag="246" ind1="3" ind2=" "><subfield code="i">Title from inscription on 'title page' (p.3):</subfield><subfield code="a">جلد اول معالم تنزيل</subfield></datafield><datafield tag="246" ind1="3" ind2=" "><subfield code="i">Title from inscription on front flyleaf (p.1):</subfield><subfield code="a">معالم التنزيل الاول</subfield></datafield><datafield tag="246" ind1="3" ind2=" "><subfield code="i">Edge title (tail):</subfield><subfield code="a">معالم التنزيل</subfield></datafield><datafield tag="260" ind1=" " ind2=" "><subfield code="a">[Sāmsūn?,</subfield><subfield code="c">1447]</subfield></datafield><datafield tag="300" ind1=" " ind2=" "><subfield code="a">254 leaves :</subfield><subfield code="b">paper ;</subfield><subfield code="c">270 x 185 (209 x 123) mm.</subfield></datafield><datafield tag="500" ind1=" " ind2=" "><subfield code="a">Shelfmark: Ann Arbor, University of Michigan, Special Collections Library, Isl. Ms. 453</subfield></datafield><datafield tag="500" ind1=" " ind2=" "><subfield code="a">Origin: As appears in colophon on p.512, copied by Muʼmin ibn Khwājah ibn Mūsá ( Mümin bin Hoca bin Musa ) with transcription completed mid-Ramaḍān 851 [November 1447] in Sāmsūn [?] (i.e. Samsun ?).</subfield></datafield><datafield tag="500" ind1=" " ind2=" "><subfield code="a">Accompanying materials: a. Acquisitions slip from Yahuda (for all four volumes, now Isl. Ms. 453, 454, 455, 456) -- b. Inventory cataloguing slip in hand of Winifred Smeaton Thomas -- c. Slip with title and inventory number in hand of Winifred Smeaton Thomas (paginated pp.47-48).</subfield></datafield><datafield tag="500" ind1=" " ind2=" "><subfield code="a">Former shelfmark: From inner front cover and spine label, "IL 344a I" (likely supplied by Yahuda, see acquisitions slip).</subfield></datafield><datafield tag="500" ind1=" " ind2=" "><subfield code="a">Binding: Pasteboards covered in brown leather with red leather repairs to spine and fore edge flap (now lost) ; Type II binding (with flap, now lost) ; doublures (board linings) in an elegant marbled paper (mainly in lavender, red, and dark blue over white) with hinges in shell marbled paper (in blue, pink and yellow) ; upper and lower covers carry large blind-stamped (with tan leather recessed onlay) mandorla (filled with vegetal composition, compare Déroche class. NA 6) with gold-painted accents and tooled pendants (a cluster of rosette stamps), as well as tooled and gold-painted border ; sewn in red and yellow thread, four stations ; worked chevron endbands in pink and light yellow (tail, fair condition) and red and yellow (head, quite good condition) overall in poor condition with significant abrasion and staining, flap lost, lifting and losses of leather (especially at board edges), upper cover detaching, etc. ; repairs in red leather (also damaged).</subfield></datafield><datafield tag="500" ind1=" " ind2=" "><subfield code="a">Support: non-European (likely Arab) paper with 9 laid lines per cm. (horizontal) and chain lines grouped in threes with 8-10 mm. between chains and 40-45 mm. between groups ; well-burnished, thick and sturdy, dark cream to beige in color.</subfield></datafield><datafield tag="500" ind1=" " ind2=" "><subfield code="a">Decoration: Keywords and section headings rubricated ; textual dividers in the form of inverted commas or hāʼ in red ; overlining in orange-red.</subfield></datafield><datafield tag="500" ind1=" " ind2=" "><subfield code="a">Script: Naskh ; elegant, compact Turkish hand with Persianate features in a medium line ; serifless with effect of tilt to the left (occasionally to the right), slight effect of words descending to baseline (occasionally more exaggerated), rounded but with more rectilinear descenders, pointing mainly in strokes rather than distinct dots, some elongation of horizontal strokes, freely ligatured, hāʼ mudghamah looking like two inverted commas ; partially vocalized.</subfield></datafield><datafield tag="500" ind1=" " ind2=" "><subfield code="a">Layout: Written in 25 lines per page ; frame-ruled.</subfield></datafield><datafield tag="500" ind1=" " ind2=" "><subfield code="a">Collation: i, V-1 (9), 24 V(249), II+1 (254), i ; almost exclusively quinions ; catchwords present but occasionally cut off ; foliation in black ink, Hindu-Arabic numerals ; pagination in pencil, Western numerals, supplied during digitization (includes flyleaves).</subfield></datafield><datafield tag="500" ind1=" " ind2=" "><subfield code="a">Colophon: "Scribal," rectangular, reads "تم الكتاب بعون الله الملك الوهاب وقد وقع الفراغ من تحرير هذه النسخة الشريفة في بلد سامسون [؟] بحضرت مولانا حاجى الدين ... على يد العبد الضعيف النحيف المذنب المحتاج الراجي الى رحمة ربه اللطيف مؤمن بن خواجه بن موسى غفر الله له ولوالديه ... وقت الضحى في يوم الخميس في واسط شهر رمضان المبارك تاريخ سنه احد وخمسون وثمانمائة من هجرة النبوية ... والله اعلم بالصواب واليه المرجع والمآب"</subfield></datafield><datafield tag="500" ind1=" " ind2=" "><subfield code="a">Explicit: "وانه لغفور رحيم قال عطا سريع العقاب لاعدائه غفور لاوليائه رحيم بهم"</subfield></datafield><datafield tag="500" ind1=" " ind2=" "><subfield code="a">Incipit: "قال شيخنا الامام الاجل السيد محي السنة ناصر الحديث ... الحمد لله ذي العظمة والكبرياء والعزة والبقاء والرفقة والعلاء ... اما بعد فان الله جل ذكره ارسل رسوله صلعم بالهدى وديي الحق رحمة للعالمين"</subfield></datafield><datafield tag="500" ind1=" " ind2=" "><subfield code="a">Title supplied by cataloguer from inscription on 'title page' (p.3).</subfield></datafield><datafield tag="500" ind1=" " ind2=" "><subfield code="a">Ms. codex.</subfield></datafield><datafield tag="510" ind1="4" ind2=" "><subfield code="a">Brockelmann, C. GAL,</subfield><subfield code="c">I 364 no.4 ; S I 620</subfield></datafield><datafield tag="520" ind1="8" ind2=" "><subfield code="a">First of four volumes of al-Baghawī's commentary on the Qurʼān, from Sūrat al-Fātiḥah (1) to Sūrat al-Anʻām (6) ; contents listing on 'title page' (p.3).</subfield></datafield><datafield tag="538" ind1=" " ind2=" "><subfield code="a">Mode of access: Internet.</subfield></datafield><datafield tag="541" ind1=" " ind2=" "><subfield code="a">Acquired in 1926 from the bookseller Isaac Benjamin S.E. Yahuda via purchase transacted on his behalf by Abraham Shalom Yahuda (1877-1951), his younger brother.</subfield></datafield><datafield tag="546" ind1=" " ind2=" "><subfield code="a">Arabic.</subfield></datafield><datafield tag="561" ind1=" " ind2=" "><subfield code="a">Former owners' marks on 'title page' (p.3) include circular seal impression, partially effaced ownership statement "كتاب سعد بن ...", and ownership statement ownership statement in name of Muḥammad Amīn ʻĀṭif (Mehmet Emin Atıf) reads "من كتب العبد محمد امين عاطف عفا الله عنه" ; numerous marginal and interlinear glosses and corrections ; notabilia (side-heads).</subfield></datafield><datafield tag="630" ind1="0" ind2="0"><subfield code="a">Qurʼan</subfield><subfield code="v">Commentaries</subfield><subfield code="v">Early works to 1800.</subfield></datafield><datafield tag="650" ind1=" " ind2="0"><subfield code="a">Manuscripts, Arabic</subfield><subfield code="z">Michigan</subfield><subfield code="z">Ann Arbor.</subfield></datafield><datafield tag="700" ind1="0" ind2=" "><subfield code="6">880-05</subfield><subfield code="a">Muḥammad Amīn ʻĀṭif,</subfield><subfield code="e">former owner.</subfield></datafield><datafield tag="700" ind1="0" ind2=" "><subfield code="6">880-04</subfield><subfield code="a">Muʼmin ibn Khwājah ibn Mūsá,</subfield><subfield code="d">fl. 1447,</subfield><subfield code="e">scribe.</subfield></datafield><datafield tag="773" ind1="0" ind2=" "><subfield code="a">Yahuda Collection.</subfield></datafield><datafield tag="880" ind1="0" ind2=" "><subfield code="6">700-05/</subfield><subfield code="a">محمد امين عاطف,</subfield><subfield code="e">مالك سابق.</subfield></datafield><datafield tag="880" ind1="0" ind2=" "><subfield code="6">700-04/</subfield><subfield code="a">مؤمن بن خواجه بن موسى,</subfield><subfield code="e">ناسخ.</subfield></datafield><datafield tag="880" ind1="1" ind2="2"><subfield code="6">245-03/</subfield><subfield code="a">[الجلد الأول من معالم التنزيل,</subfield><subfield code="f">851ه, 1447م].</subfield></datafield><datafield tag="880" ind1="1" ind2="0"><subfield code="6">240-02/</subfield><subfield code="a">معالم التنزيل.</subfield><subfield code="n">جلد 1</subfield></datafield><datafield tag="880" ind1="1" ind2=" "><subfield code="6">100-01/</subfield><subfield code="a">بغوي، الحسين بن مسعود.</subfield></datafield><datafield tag="CID" ind1=" " ind2=" "><subfield code="a">005985735</subfield></datafield><datafield tag="DAT" ind1="0" ind2=" "><subfield code="a">20190719102633.0</subfield><subfield code="b">20190719000000.0</subfield></datafield><datafield tag="DAT" ind1="1" ind2=" "><subfield code="a">20190719090653.0</subfield><subfield code="b">2019-07-19T16:11:11Z</subfield></datafield><datafield tag="DAT" ind1="2" ind2=" "><subfield code="a">2015-10-02T18:00:03Z</subfield></datafield><datafield tag="CAT" ind1=" " ind2=" "><subfield code="a">SDR-MIU</subfield><subfield code="d">EX LIBRIS - ALEPH</subfield><subfield code="l">prepare.pl-004-008</subfield></datafield><datafield tag="FMT" ind1=" " ind2=" "><subfield code="a">BK</subfield></datafield><datafield tag="HOL" ind1=" " ind2=" "><subfield code="0">sdr-miu005985735</subfield><subfield code="a">MiU</subfield><subfield code="b">SDR</subfield><subfield code="c">MIU</subfield><subfield code="p">mdp.39015079105535</subfield><subfield code="s">MIU</subfield><subfield code="1">005985735</subfield></datafield><datafield tag="974" ind1=" " ind2=" "><subfield code="b">MIU</subfield><subfield code="c">MIU</subfield><subfield code="d">20190719</subfield><subfield code="s">lit-dlps-dc</subfield><subfield code="u">mdp.39015079105535</subfield><subfield code="y">1447</subfield><subfield code="r">pd</subfield><subfield code="q">bib</subfield><subfield code="t">non-US bib date1 &lt; 1896</subfield></datafield></record></collection>